<record><leader>00000cas a2200000 a 4500</leader><controlfield tag="001">11667425</controlfield><controlfield tag="008">850207d18871888ksuwr ne      0   a0eng d</controlfield><datafield ind1=" " ind2=" " tag="010"><subfield code="a">sn 85030907 </subfield></datafield><datafield ind1=" " ind2=" " tag="040"><subfield code="a">KSH</subfield><subfield code="b">eng</subfield><subfield code="c">KSH</subfield><subfield code="d">NPT</subfield><subfield code="d">OCL</subfield><subfield code="d">OCLCQ</subfield></datafield><datafield ind1=" " ind2=" " tag="042"><subfield code="a">msc</subfield></datafield><datafield ind1="0" ind2="0" tag="245"><subfield code="a">Kiowa County democrat.</subfield></datafield><datafield ind1=" " ind2=" " tag="260"><subfield code="a">Wellsford, Kan. :</subfield><subfield code="b">R.A. Dowell &amp; Son,</subfield><subfield code="c">1887-1888.</subfield></datafield><datafield ind1=" " ind2=" " tag="300"><subfield code="a">2 v. ;</subfield><subfield code="c">54 cm.</subfield></datafield><datafield ind1=" " ind2=" " tag="310"><subfield code="a">Weekly</subfield></datafield><datafield ind1="0" ind2=" " tag="362"><subfield code="a">Vol. 1, no. 1 (Jan. 13, 1887)-v. 2, no. 50 (Dec. 22, 1888).</subfield></datafield><datafield ind1=" " ind2=" " tag="515"><subfield code="a">Vol. 2, no. 51 not published.</subfield></datafield><datafield ind1=" " ind2=" " tag="752"><subfield code="a">United States</subfield><subfield code="b">Kansas</subfield><subfield code="c">Kiowa</subfield><subfield code="d">Wellsford.</subfield></datafield><datafield ind1="0" ind2="0" tag="785"><subfield code="t">Wellsford reformer</subfield><subfield code="w">(DLC)sn 85030908</subfield></datafield></record>